%%%%%%%%%%%%%%%%%%%%%%%%%%%%%%%%%%%%%%%%%%%%%%%%%%%%%%%%%%%%
%%%%%%%%%%%             Bibliography             %%%%%%%%%%%
%%%%%%%%%%%%%%%%%%%%%%%%%%%%%%%%%%%%%%%%%%%%%%%%%%%%%%%%%%%%
%
% ____ Bibliography ________________________________________
%

@online{yt:online,
    author = {YouTube},
    title = {YouTube},
    url = {https://www.youtube.com/watch?v=qfWMhuPNpNg\&list=PLohYzz4btpaQiVlbvVaef5AUU2eAWLmpM\&index=1},
    month = {07},
    year = {2020},
    urldate = {(Accessed on 07/30/2020)}
}