% This file was created by Christian Bräunlich

@misc{wiki:List_of_data_breaches,
   author = "Wikipedia",
   title = "{List of data breaches} --- {W}ikipedia{,} The Free Encyclopedia",
   month={Mai},
   year = "2019",
   howpublished = {\url{https://en.wikipedia.org/wiki/List_of_data_breaches}},
   note = "[Online; zugegriffen am 01.06.2019]"
 }

@misc{hunt_2019,
    title={{The 773 Million Record } \glqq{Collection \#1}\grqq { Data Breach}},
    url={https://www.troyhunt.com/the-773-million-record-collection-1-data-reach/},
    journal={www.troyhunt.com},
    publisher={Troy Hunt},
    author={Hunt, Troy},
    year={2019},
    month={Januar},
    note = {(zugegriffen am 01.06.2019)}
}

@misc{GartnerT96:online,
author = {Gartner.com},
title = {Gartner Top 10 Strategic Technology Trends for 2019 - Smarter With Gartner},
howpublished = {\url{https://www.gartner.com/smarterwithgartner/gartner-top-10-strategic-technology-trends-for-2019/}},
month = {Okt.},
year = {2018},
note = {(zugegriffen am 01.06.2019)}
}

@misc{PatentsV15:online,
    author = {PatentsView.org},
    title = {PatentsView Data Download},
    howpublished = {\url{http://www.patentsview.org/download/}},
    month = {November},
    year = {2018},
    note = {(zugegriffen am 01.06.2019)}
}

@misc{OpenStreetMap,
    author = {{OpenStreetMap contributors}},
    title = {{Planet dump retrieved from https://planet.osm.org }},
    howpublished = "\url{ https://www.openstreetmap.org }",
    year = {2019},
}

@misc{tagesschau.de_2019, 
    title={China: Auf dem Weg zur totalen Überwachung}, url={https://www.tagesschau.de/ausland/ueberwachung-china-101.html},
    journal={tagesschau.de},
    author={Tagesschau.de},
    year={2019},
    month={März},
    note = {(zugegriffen am 01.06.2019)}
}

@misc{techcrunch.com_2019, 
    title={Security lapse exposed a Chinese smart city surveillance system}, url={https://techcrunch.com/2019/05/03/china-smart-city-exposed/},
    journal={techcrunch.com}, author={TechCrunch.com},
    year={2019},
    month={April},
    note = {(zugegriffen am 01.06.2019)}
}

@misc{Cybersec82:online,
author = {},
title = {Cybersecurity \& Patents: What You Need to Know},
howpublished = {\url{https://www.bankinfosecurity.com/interviews/cybersecurity-patents-what-you-need-to-know-i-1371}},
year = {2012},
month = {Februar},
note = {(zugegriffen am 01.06.2019)}
}

@misc{US10114349:online,
author = {},
title = {US10114351B2 - Smart-home automation system that suggests or autmatically implements selected household policies based on sensed observations - Google Patents},
howpublished = {\url{https://patents.google.com/patent/US10114351B2/en}},
month = {März},
year = {2015},
note = {(zugegriffen am 01.06.2019)}
}

%%% ------------------------------- %%%
%%%	Templates		 %%%
%%% ------------------------------- %%%

@article{article,
  author  = {Peter Adams}, 
  title   = {The title of the work},
  journal = {The name of the journal},
  year    = 1993,
  number  = 2,
  pages   = {201-213},
  month   = 7,
  note    = {An optional note}, 
  volume  = 4
}

@book{book,
  author    = {Peter Babington}, 
  title     = {The title of the work},
  publisher = {The name of the publisher},
  year      = 1993,
  volume    = 4,
  series    = 10,
  address   = {The address},
  edition   = 3,
  month     = 7,
  note      = {An optional note},
  isbn      = {3257227892}
}

@booklet{booklet,
  title        = {The title of the work},
  author       = {Peter Caxton}, 
  howpublished = {How it was published},
  address      = {The address of the publisher},
  month        = 7,
  year         = 1993,
  note         = {An optional note}
}

@conference{conference,
  author       = {Peter Draper}, 
  title        = {The title of the work},
  booktitle    = {The title of the book},
  year         = 1993,
  editor       = {The editor},
  volume       = 4,
  series       = 5,
  pages        = 213,
  address      = {The address of the publisher},
  month        = 7,
  organization = {The organization},
  publisher    = {The publisher},
  note         = {An optional note}  
}

@inbook{inbook,
  author       = {Peter Eston}, 
  title        = {The title of the work},
  chapter      = 8,
  pages        = {201-213},
  publisher    = {The name of the publisher},
  year         = 1993,
  volume       = 4,
  series       = 5,
  address      = {The address of the publisher},
  edition      = 3,
  month        = 7,
  note         = {An optional note}
}

@incollection{incollection,
  author       = {Peter Farindon}, 
  title        = {The title of the work},
  booktitle    = {The title of the book},
  publisher    = {The name of the publisher},
  year         = 1993,
  editor       = {The editor},
  volume       = 4,
  series       = 5,
  chapter      = 8,
  pages        = {201-213},
  address      = {The address of the publisher},
  edition      = 3,
  month        = 7,
  note         = {An optional note}
}

@manual{manual,
  title        = {The title of the work},
  author       = {Peter Gainsford}, 
  organization = {The organization},
  address      = {The address of the publisher},
  edition      = 3,
  month        = 7,
  year         = 1993,
  note         = {An optional note}
}

@mastersthesis{mastersthesis,
  author       = {Peter Harwood}, 
  title        = {The title of the work},
  school       = {The school of the thesis},
  year         = 1993,
  address      = {The address of the publisher},
  month        = 7,
  note         = {An optional note}
}

@misc{misc,
  author       = {Peter Isley}, 
  title        = {The title of the work},
  howpublished = {How it was published},
  month        = 7,
  year         = 1993,
  note         = {An optional note}
}

@phdthesis{phdthesis,
  author       = {Peter Joslin}, 
  title        = {The title of the work},
  school       = {The school of the thesis},
  year         = 1993,
  address      = {The address of the publisher},
  month        = 7,
  note         = {An optional note}
}

@proceedings{proceedings,
  title        = {The title of the work},
  year         = 1993,
  editor       = {Peter Kidwelly},
  volume       = 4,
  series       = 5,
  address      = {The address of the publisher},
  month        = 7,
  organization = {The organization},
  publisher    = {The name of the publisher},
  note         = {An optional note}
}

@techreport{techreport,
  author       = {Peter Lambert}, 
  title        = {The title of the work},
  institution  = {The institution that published},
  year         = 1993,
  number       = 2,
  address      = {The address of the publisher},
  month        = 7,
  note         = {An optional note}
}

@unpublished{unpublished,
  author       = {Peter Marcheford}, 
  title        = {The title of the work},
  note         = {An optional note},
  month        = 7,
  year         = 1993
}
